@book{tukey1977exploratory,
	title={Exploratory data analysis},
	author={Tukey, John W},
	volume={2},
	year={1977},
	publisher={Reading, Mass.}
}

@article{francis2005dancing,
	title={Dancing With Dirty Data Methods for Exploring and Cleaning Data},
	author={Francis, Louise A},
	year={2005},
	publisher={Citeseer}
}

@book{peng2012exploratory,
	title={Exploratory data analysis with R},
	author={Peng, Roger},
	year={2012},
	publisher={Lulu. com}
}

@article{john1983graphical,
	title={Graphical methods for data analysis},
	author={John, Chambers and Cleveland, William and Kleiner, Beat and Tukey, Paul},
	journal={Wadsworth, Ohio},
	pages={128--129},
	year={1983}
}

@article{leek2015elements,
	title={The Elements of Data Analytic Style},
	author={Leek, Jeff},
	journal={J. Leek.—Amazon Digital Services, Inc},
	year={2015}
}

@book{giudici2005applied,
	title={Applied data mining: Statistical methods for business and industry},
	author={Giudici, Paolo},
	year={2005},
	publisher={John Wiley \& Sons}
}

@article{donoho201750,
	title={50 Years of Data Science},
	author={Donoho, David},
	journal={Journal of Computational and Graphical Statistics},
	volume={26},
	number={4},
	pages={745--766},
	year={2017},
	publisher={Taylor \& Francis}
}

@article{torrecilla2018data,
	title={Data learning from big data},
	author={Torrecilla, Jos{\'e} L and Romo, Juan},
	journal={Statistics \& Probability Letters},
	year={2018},
	publisher={Elsevier}
}

@book{velleman1981applications,
	title={Applications, basics, and computing of exploratory data analysis},
	author={Velleman, Paul F and Hoaglin, David C},
	year={1981},
	publisher={Duxbury Press}
}

@article{rufilanchas2017origin,
	title={On the origin of Karl Pearson’s term “histogram”},
	author={Rufilanchas, Daniel Ria{\~n}o},
	journal={Estad{\'\i}stica espa{\~n}ola},
	volume={59},
	number={192},
	pages={29--35},
	year={2017},
	publisher={Instituto Nacional de Estad{\'\i}stica}
}

@article{kirschenmann2015note,
	title={A note on the e--a histogram},
	author={Kirschenmann, TH and Damien, P and Walker, SG},
	journal={Statistics \& Probability Letters},
	volume={103},
	pages={105--109},
	year={2015},
	publisher={Elsevier}
}

@article{beniger1976history,
	title={The history and future of graphics in statistics},
	author={Beniger, James R and Robyn, Dorothy L},
	journal={Social Statistics Proceedings},
	pages={192--197},
	year={1976}
}

@inproceedings{ioannidis2003history,
	title={-The History of Histograms (abridged)},
	author={Ioannidis, Yannis},
	booktitle={Proceedings 2003 VLDB Conference},
	pages={19--30},
	year={2003},
	organization={Elsevier}
}

@article{scale1941pearl,
	title={PEARL HARBOR},
	author={Scale, Mastery and Pearson, Karl},
	year={1941}
}

@book{hand2001principles,
	title={Principles of data mining (adaptive computation and machine learning)},
	author={Hand, David J and Mannila, Heikki and Smyth, Padhraic},
	year={2001},
	publisher={MIT press Cambridge, MA}
}
@article{li2016essential,
	title={The Essential Histogram},
	author={Li, Housen and Munk, Axel and Sieling, Hannes and Walther, Guenther},
	journal={arXiv preprint arXiv:1612.07216},
	year={2016}
}

@book{dodge2008concise,
	title={The concise encyclopedia of statistics},
	author={Dodge, Yadolah},
	year={2008},
	publisher={Springer Science \& Business Media}
}

@book{magnello2014introducing,
	title={Introducing Statistics: A Graphic Guide},
	author={Magnello, Eileen},
	year={2014},
	publisher={Icon Books Ltd}
}

@article{scott1979optimal,
	title={On optimal and data-based histograms},
	author={Scott, David W},
	journal={Biometrika},
	volume={66},
	number={3},
	pages={605--610},
	year={1979},
	publisher={Oxford University Press}
}

@article{ross2010introductory,
	title={Introductory Statistics},
	author={Ross, Sheldon M},
	year={2010},
	publisher={Elsevier}
}

@article{friendly2008golden,
	title={The golden age of statistical graphics},
	author={Friendly, Michael},
	journal={Statistical Science},
	pages={502--535},
	year={2008},
	publisher={JSTOR}
}

@article{friendly2007m,
	title={A.-M. Guerry's" Moral Statistics of France": Challenges for Multivariable Spatial Analysis},
	author={Friendly, Michael},
	journal={Statistical Science},
	pages={368--399},
	year={2007},
	publisher={JSTOR}
}

@article{wand1997data,
	title={Data-based choice of histogram bin width},
	author={Wand, MP},
	journal={The American Statistician},
	volume={51},
	number={1},
	pages={59--64},
	year={1997},
	publisher={Taylor \& Francis}
}

@book{chen2007handbook,
	title={Handbook of data visualization},
	author={Chen, Chun-houh and H{\"a}rdle, Wolfgang Karl and Unwin, Antony},
	year={2007},
	publisher={Springer Science \& Business Media}
}

@article{li2016essential,
	title={The Essential Histogram},
	author={Li, Housen and Munk, Axel and Sieling, Hannes and Walther, Guenther},
	journal={arXiv:1612.07216},
	year={2016}
}

@article{berger2016big,
	title={Big data analytics in the building industry},
	author={Berger, Michael A and Mathew, Paul A and Walter, Travis},
	journal={ASHRAE Journal},
	volume={58},
	number={LBNL--1005983},
	year={2016},
	publisher={Lawrence Berkeley National Laboratory (LBNL), Berkeley, CA (United States). Energy Analysis \& Environmental Impacts Division}
}
@article{scott2005multidimensional,
	title={Multidimensional density estimation},
	author={Scott, David W and Sain, Stephan R},
	journal={Handbook of statistics},
	volume={24},
	pages={229--261},
	year={2005},
	publisher={Elsevier}
}
@article{loquin2008histogram,
	title={Histogram density estimators based upon a fuzzy partition},
	author={Loquin, Kevin and Strauss, Olivier},
	journal={Statistics \& Probability Letters},
	volume={78},
	number={13},
	pages={1863--1868},
	year={2008},
	publisher={Elsevier}
}
@article{copas1983non,
	title={Non-parametric graduation using kernel methods},
	author={Copas, JB and Haberman, S},
	journal={Journal of the Institute of Actuaries (1886-1994)},
	volume={110},
	number={1},
	pages={135--156},
	year={1983},
	publisher={JSTOR}
}


@article{wendy2002computational,
	title={Computational statistics Handbook with MATLAB},
	author={Wendy, L Martinez and Angel, R Martinez},
	journal={Chapman\& Hall/Crc, NewYork},
	year={2002}
}
@book{keen2010graphics,
	title={Graphics for statistics and data analysis with R},
	author={Keen, Kevin J},
	year={2010},
	publisher={CRC Press}
}

@article{magar2014application,
	title={Application of 7 quality control (7 QC) tools for continuous improvement of manufacturing processes},
	author={Magar, Varsha M and Shinde, Vilas B and others},
	journal={International Journal of Engineering Research and General Science},
	volume={2},
	number={4},
	pages={364--371},
	year={2014}
}
@article{sharma2015review,
	title={Review of histogram based image contrast enhancement techniques},
	author={Sharma, Umesh Kumar and Kumawat, Kapil},
	journal={Int. Journal of Research in Engineering \& Technology (IJRET)},
	volume={3},
	number={2},
	pages={65--76},
	year={2015}
}
@article{waterman1978estimation,
	title={Estimation of probability densities by empirical density functions},
	author={Waterman, MS and Whiteman, DE},
	journal={International Journal of Mathematical Education in Science and Technology},
	volume={9},
	number={2},
	pages={127--137},
	year={1978},
	publisher={Taylor \& Francis}
}

@article{he1997selecting,
	title={Selecting the number of bins in a histogram: A decision theoretic approach},
	author={He, Kun and Meeden, Glen},
	journal={Journal of Statistical Planning and inference},
	volume={61},
	number={1},
	pages={49--59},
	year={1997},
	publisher={Elsevier}
}

@article{birge2006many,
	title={How many bins should be put in a regular histogram},
	author={Birg{\'e}, Lucien and Rozenholc, Yves},
	journal={ESAIM: Probability and Statistics},
	volume={10},
	pages={24--45},
	year={2006},
	publisher={EDP Sciences}
}

@article{sturges1926choice,
	title={The choice of a class interval},
	author={Sturges, Herbert A},
	journal={Journal of the american statistical association},
	volume={21},
	number={153},
	pages={65--66},
	year={1926}
}

@article{scott1979optimal,
	title={On optimal and data-based histograms},
	author={Scott, David W},
	journal={Biometrika},
	volume={66},
	number={3},
	pages={605--610},
	year={1979},
	publisher={Oxford University Press}
}

@article{freedman1981histogram,
	title = {On the histogram as a density estimator: L 2 theory},
	author = {Freedman, David and Diaconis, Persi},
	journal = {Journal of Probability Theory and Related Areas},
	volume = {57},
	number = {4},
	pages = {453-476},
	year = {1981},
	publisher = {} Springer
}

@article{scott2009sturges,
	title={Sturges' rule},
	author={Scott, David W},
	journal={Wiley Interdisciplinary Reviews: Computational Statistics},
	volume={1},
	number={3},
	pages={303--306},
	year={2009},
	publisher={Wiley Online Library}
}

@article{scott1985,
	author = "Scott, David W.",
	doi = "10.1214/aos/1176349654",
	fjournal = "The Annals of Statistics",
	journal = "Ann. Statist.",
	month = "09",
	number = "3",
	pages = "1024--1040",
	publisher = "The Institute of Mathematical Statistics",
	title = "Averaged Shifted Histograms: Effective Nonparametric Density Estimators in Several Dimensions",
	url = "https://doi.org/10.1214/aos/1176349654",
	volume = "13",
	year = "1985"
}

@article{brown1993approximate,
	title={How to approximate a histogram by a normal density},
	author={Brown, Lawrence D and Hwang, JT Gene},
	journal={The American Statistician},
	volume={47},
	number={4},
	pages={251--255},
	year={1993},
	publisher={Taylor \& Francis}
}

@article{wand1997data,
	title={Data-based choice of histogram bin width},
	author={Wand, MP},
	journal={The American Statistician},
	volume={51},
	number={1},
	pages={59--64},
	year={1997},
	publisher={Taylor \& Francis}
}

@article{bura2009nonparametric,
	title={Nonparametric density estimation and optimal bandwidth selection for protein unfolding and unbinding data},
	author={Bura, E and Zhmurov, A and Barsegov, V},
	journal={The Journal of chemical physics},
	volume={130},
	number={1},
	pages={01B602},
	year={2009},
	publisher={AIP}
}