%% LaTeX2e file `proposal.bib'
%% generated by the `filecontents' environment
%% from source `proposal' on 2018/05/11.
%%
@article{wendy2002computational,
 title={Computational statistics Handbook with MATLAB},
 author={Wendy, L Martinez and Angel, R Martinez},
 journal={Chapman\& Hall/Crc, NewYork},
 year={2002}
}
@book{keen2010graphics,
 title={Graphics for statistics and data analysis with R},
 author={Keen, Kevin J},
 year={2010},
 publisher={CRC Press}
}

@article{magar2014application,
 title={Application of 7 quality control (7 QC) tools for continuous improvement of manufacturing processes},
 author={Magar, Varsha M and Shinde, Vilas B and others},
 journal={International Journal of Engineering Research and General Science},
 volume={2},
 number={4},
 pages={364--371},
 year={2014}
}
@article{sharma2015review,
 title={Review of histogram based image contrast enhancement techniques},
 author={Sharma, Umesh Kumar and Kumawat, Kapil},
 journal={Int. Journal of Research in Engineering \& Technology (IJRET)},
 volume={3},
 number={2},
 pages={65--76},
 year={2015}
}
@article{waterman1978estimation,
 title={Estimation of probability densities by empirical density functions},
 author={Waterman, MS and Whiteman, DE},
 journal={International Journal of Mathematical Education in Science and Technology},
 volume={9},
 number={2},
 pages={127--137},
 year={1978},
 publisher={Taylor \& Francis}
}
